<collection xmlns="http://www.loc.gov/MARC21/slim">
<record>
  <leader>01519nam0a2200301 i 450 </leader>
  <controlfield tag="001">IT\ICCU\CNCE\017137</controlfield>
  <controlfield tag="005">20060302000000.0</controlfield>
  <datafield tag="012" ind1=" " ind2=" ">
    <subfield code="a">r-am eroa n-el uaEs (3) 1578 (A)</subfield>
    <subfield code="2">fei</subfield>
  </datafield>
  <datafield tag="100" ind1=" " ind2=" ">
    <subfield code="a">19970101d1578        0itac0103    ba</subfield>
  </datafield>
  <datafield tag="101" ind1=" " ind2=" ">
    <subfield code="a">ITA</subfield>
  </datafield>
  <datafield tag="102" ind1=" " ind2=" ">
    <subfield code="a">IT</subfield>
  </datafield>
  <datafield tag="200" ind1="1" ind2=" ">
    <subfield code="a">℗Il ℗dispreggio delle vanit ̉del mondo, diuiso in tre parti. Del r.p.f. Diego di Stella dell&apos;Ordine di s. Francesco osseruante. Nouamente tradotto dalla spagnuola nella lingua italiana da Gieremia Foresti</subfield>
  </datafield>
  <datafield tag="210" ind1=" " ind2=" ">
    <subfield code="a">A Fermo</subfield>
    <subfield code="c">appresso Astolfo de Grandi</subfield>
    <subfield code="c">ad instantia di Claudio Sabini</subfield>
    <subfield code="d">libraro a Loreto</subfield>
    <subfield code="d">1578</subfield>
    <subfield code="e">A Fermo</subfield>
    <subfield code="g">appresso Astolfo de Grandi</subfield>
    <subfield code="h">1578</subfield>
  </datafield>
  <datafield tag="215" ind1=" " ind2=" ">
    <subfield code="a">218, \6! c.</subfield>
    <subfield code="d">12ʻ</subfield>
  </datafield>
  <datafield tag="620" ind1=" " ind2=" ">
    <subfield code="a">IT</subfield>
    <subfield code="d">Fermo</subfield>
  </datafield>
  <datafield tag="700" ind1=" " ind2="1">
    <subfield code="a">Estella,</subfield>
    <subfield code="b">Diego</subfield>
    <subfield code="3">IT\ICCU\CNCA\004821</subfield>
  </datafield>
  <datafield tag="702" ind1=" " ind2="1">
    <subfield code="a">Foresti,</subfield>
    <subfield code="b">Geremia</subfield>
    <subfield code="3">IT\ICCU\CNCA\004454</subfield>
  </datafield>
  <datafield tag="712" ind1="0" ind2="0">
    <subfield code="a">Grandi, Astolfo</subfield>
    <subfield code="3">IT\ICCU\CNCT\000591</subfield>
    <subfield code="4">650</subfield>
  </datafield>
  <datafield tag="712" ind1="0" ind2="0">
    <subfield code="a">Sabini, Claudio</subfield>
    <subfield code="3">IT\ICCU\CNCT\000617</subfield>
    <subfield code="4">650</subfield>
  </datafield>
  <datafield tag="790" ind1=" " ind2="0">
    <subfield code="a">Diego</subfield>
    <subfield code="c"> : de#Estella</subfield>
    <subfield code="3">IT\ICCU\CNCA\004822</subfield>
    <subfield code="z">Estella, Diego</subfield>
  </datafield>
  <datafield tag="790" ind1=" " ind2="1">
    <subfield code="a">Stella,</subfield>
    <subfield code="b">Didacus</subfield>
    <subfield code="3">IT\ICCU\CNCA\004823</subfield>
    <subfield code="z">Estella, Diego</subfield>
  </datafield>
  <datafield tag="790" ind1=" " ind2="1">
    <subfield code="a">Didacus,</subfield>
    <subfield code="b">Stella</subfield>
    <subfield code="3">IT\ICCU\CNCA\020699</subfield>
    <subfield code="z">Estella, Diego</subfield>
  </datafield>
  <datafield tag="791" ind1="0" ind2="0">
    <subfield code="a">De_Grandis, Astolfo</subfield>
    <subfield code="3">IT\ICCU\CNCT\003878</subfield>
    <subfield code="z">Grandi, Astolfo</subfield>
  </datafield>
  <datafield tag="791" ind1="0" ind2="0">
    <subfield code="a">Zangrandi, Astolfo</subfield>
    <subfield code="3">IT\ICCU\CNCT\003879</subfield>
    <subfield code="z">Grandi, Astolfo</subfield>
  </datafield>
  <datafield tag="791" ind1="0" ind2="0">
    <subfield code="a">Grandis, Astulphus de</subfield>
    <subfield code="3">IT\ICCU\CNCT\004952</subfield>
    <subfield code="z">Grandi, Astolfo</subfield>
  </datafield>
  <datafield tag="791" ind1="0" ind2="2">
    <subfield code="a">Astulphus Veronensis</subfield>
    <subfield code="3">IT\ICCU\CNCT\004953</subfield>
    <subfield code="z">Grandi, Astolfo</subfield>
  </datafield>
  <datafield tag="801" ind1=" " ind2="3">
    <subfield code="a">IT</subfield>
    <subfield code="b">ICCU</subfield>
    <subfield code="c">20201114</subfield>
  </datafield>
  <datafield tag="899" ind1=" " ind2=" ">
    <subfield code="a">Biblioteca del Pontificio Ateneo Antonianum. Roma</subfield>
    <subfield code="1">RM0692</subfield>
    <subfield code="2">ZRM 44</subfield>
  </datafield>
</record>
</collection>
